<record><leader>00000cas a2200000 a 4500</leader><controlfield tag="001">8698961</controlfield><controlfield tag="008">820818d19321959nyusr n       0   a0eng d</controlfield><datafield ind1=" " ind2=" " tag="010"><subfield code="a">sn 88074915 </subfield></datafield><datafield ind1=" " ind2=" " tag="040"><subfield code="a">YQR</subfield><subfield code="b">eng</subfield><subfield code="c">YQR</subfield><subfield code="d">NYS</subfield><subfield code="d">OCL</subfield><subfield code="d">OCLCQ</subfield></datafield><datafield ind1=" " ind2=" " tag="042"><subfield code="a">msc</subfield></datafield><datafield ind1="0" ind2="0" tag="245"><subfield code="a">South side news.</subfield></datafield><datafield ind1=" " ind2=" " tag="260"><subfield code="a">Rochester, N.Y. :</subfield><subfield code="b">H.K. Burleigh</subfield></datafield><datafield ind1=" " ind2=" " tag="300"><subfield code="a">v.</subfield></datafield><datafield ind1=" " ind2=" " tag="310"><subfield code="a">Semimonthly,</subfield><subfield code="b">May 9, 1957-&lt;Dec. 1958&gt;</subfield></datafield><datafield ind1=" " ind2=" " tag="321"><subfield code="a">Weekly,</subfield><subfield code="b">&lt;1935&gt;-1948</subfield></datafield><datafield ind1=" " ind2=" " tag="321"><subfield code="a">Weekly (except three issues in June-July),</subfield><subfield code="b">1949-Apr. 18, 1957</subfield></datafield><datafield ind1="1" ind2=" " tag="362"><subfield code="a">Began in 1932? Ceased in 1959.</subfield></datafield><datafield ind1=" " ind2=" " tag="500"><subfield code="a">Publishers: H.K. Burleigh, &lt;1935&gt;-1958; George C. Cooper, Jr., &lt;1958&gt;.</subfield></datafield><datafield ind1=" " ind2=" " tag="500"><subfield code="a">"Published in the interest of the southside (Mt. Hope, South, Clinton, Monroe and Park Avenue sections)," &lt;1944-1945&gt;.</subfield></datafield><datafield ind1=" " ind2=" " tag="515"><subfield code="a">June 15, 1939 issue misdated June 8, 1939.</subfield></datafield><datafield ind1=" " ind2=" " tag="515"><subfield code="a">No issue published for Aug. 17, 1940.</subfield></datafield><datafield ind1=" " ind2=" " tag="515"><subfield code="a">Jan. 1, 1942 issue misdated Dec. 1, 1942.</subfield></datafield><datafield ind1=" " ind2=" " tag="515"><subfield code="a">Suspended with Dec. 14, 1944 issue; resumed with Mar. 15, 1945 issue.</subfield></datafield><datafield ind1=" " ind2=" " tag="515"><subfield code="a">Numbering irregular.</subfield></datafield><datafield ind1=" " ind2=" " tag="588"><subfield code="a">Description based on: Vol. 4, no. 18 (May 2, 1935).</subfield></datafield><datafield ind1=" " ind2="4" tag="651"><subfield code="a">Rochester (N.Y.)</subfield><subfield code="v">Newspapers.</subfield></datafield><datafield ind1=" " ind2="4" tag="651"><subfield code="a">Monroe County (N.Y.)</subfield><subfield code="v">Newspapers.</subfield></datafield><datafield ind1=" " ind2=" " tag="752"><subfield code="a">United States</subfield><subfield code="b">New York</subfield><subfield code="c">Monroe</subfield><subfield code="d">Rochester.</subfield></datafield><datafield ind1="0" ind2="7" tag="785"><subfield code="t">South-east weekly journal and 14th warder</subfield><subfield code="w">(DLC)sn 88074910</subfield><subfield code="w">(OCoLC)8699028</subfield></datafield><datafield ind1="0" ind2="7" tag="785"><subfield code="t">South-east weekly journal, 14th warder and South side news</subfield><subfield code="w">(DLC)sn 88074227</subfield><subfield code="w">(OCoLC)8699377</subfield></datafield><datafield ind1="1" ind2=" " tag="029"><subfield code="a">AU@</subfield><subfield code="b">000025833514</subfield></datafield></record>